<record><leader>00000cas a22000007a 4500</leader><controlfield tag="001">18320292</controlfield><controlfield tag="008">880808d19171935ohudn ne      0    0eng d</controlfield><datafield ind1=" " ind2=" " tag="010"><subfield code="a">sn 88078750 </subfield></datafield><datafield ind1=" " ind2=" " tag="040"><subfield code="a">ONP</subfield><subfield code="b">eng</subfield><subfield code="c">ONP</subfield><subfield code="d">OCLCQ</subfield></datafield><datafield ind1=" " ind2=" " tag="042"><subfield code="a">msc</subfield></datafield><datafield ind1="0" ind2=" " tag="130"><subfield code="a">Republican-news (Mount Vernon, Ohio)</subfield></datafield><datafield ind1="1" ind2="4" tag="245"><subfield code="a">The Republican-news.</subfield></datafield><datafield ind1=" " ind2=" " tag="260"><subfield code="a">Mount Vernon, Ohio :</subfield><subfield code="b">Republican Pub. Co.,</subfield><subfield code="c">1917-1935.</subfield></datafield><datafield ind1=" " ind2=" " tag="300"><subfield code="a">v.</subfield></datafield><datafield ind1=" " ind2=" " tag="310"><subfield code="a">Daily (except Sun.)</subfield></datafield><datafield ind1="0" ind2=" " tag="362"><subfield code="a">Apr. 24, 1917-97th year, no. 188 (Aug. 10, 1935).</subfield></datafield><datafield ind1=" " ind2=" " tag="580"><subfield code="a">Semiweekly ed.: Knox County Republican-news, 19uu-1923.</subfield></datafield><datafield ind1=" " ind2="4" tag="651"><subfield code="a">Mount Vernon (Ohio)</subfield><subfield code="v">Newspapers.</subfield></datafield><datafield ind1=" " ind2="4" tag="651"><subfield code="a">Knox County (Ohio)</subfield><subfield code="v">Newspapers.</subfield></datafield><datafield ind1=" " ind2=" " tag="752"><subfield code="a">United States</subfield><subfield code="b">Ohio</subfield><subfield code="c">Knox</subfield><subfield code="d">Mount Vernon.</subfield></datafield><datafield ind1="1" ind2=" " tag="775"><subfield code="t">Knox County Republican-news</subfield><subfield code="w">(DLC)sn 84028555</subfield></datafield><datafield ind1="0" ind2="0" tag="780"><subfield code="t">Daily Republican-news (Mount Vernon, Ohio)</subfield><subfield code="w">(DLC)sn 84028556</subfield></datafield><datafield ind1="0" ind2="7" tag="785"><subfield code="t">Daily banner (Mount Vernon, Ohio)</subfield><subfield code="w">(DLC)sn 84028549</subfield></datafield><datafield ind1="0" ind2="7" tag="785"><subfield code="t">Republican-news daily banner</subfield><subfield code="w">(DLC)sn 88078749</subfield></datafield><datafield ind1="1" ind2=" " tag="029"><subfield code="a">AU@</subfield><subfield code="b">000020525064</subfield></datafield></record>